<record><leader>00000cas a22000007a 4500</leader><controlfield tag="001">13023487</controlfield><controlfield tag="008">860115d18291834pauwr ne      0    0eng d</controlfield><controlfield tag="009">5601</controlfield><datafield ind1=" " ind2=" " tag="010"><subfield code="a">sn 86071861 </subfield></datafield><datafield ind1=" " ind2=" " tag="040"><subfield code="a">NPH</subfield><subfield code="b">eng</subfield><subfield code="c">NPH</subfield><subfield code="d">DLC</subfield><subfield code="d">NPX</subfield><subfield code="d">DLC</subfield><subfield code="d">NPH</subfield></datafield><datafield ind1="1" ind2=" " tag="029"><subfield code="a">AU@</subfield><subfield code="b">000025793211</subfield></datafield><datafield ind1=" " ind2=" " tag="042"><subfield code="a">msc</subfield></datafield><datafield ind1="0" ind2="0" tag="050"><subfield code="a">Newspaper 9375-X</subfield></datafield><datafield ind1="0" ind2="0" tag="245"><subfield code="a">Anti-Masonic herald, and Lancaster weekly courier.</subfield></datafield><datafield ind1="0" ind2="3" tag="246"><subfield code="a">Herald</subfield></datafield><datafield ind1=" " ind2=" " tag="260"><subfield code="a">Lancaster, Pa. :</subfield><subfield code="b">Veazey &amp; Fenn,</subfield><subfield code="c">1829-</subfield></datafield><datafield ind1=" " ind2=" " tag="300"><subfield code="a">v. ;</subfield><subfield code="c">54-56 cm.</subfield></datafield><datafield ind1=" " ind2=" " tag="310"><subfield code="a">Weekly</subfield></datafield><datafield ind1="0" ind2=" " tag="362"><subfield code="a">Vol. 1, no. 44 (Apr. 30, 1829)-</subfield></datafield><datafield ind1="1" ind2=" " tag="362"><subfield code="a">Ceased with Apr. 3, 1834 issue.</subfield></datafield><datafield ind1=" " ind2=" " tag="752"><subfield code="a">United States</subfield><subfield code="b">Pennsylvania</subfield><subfield code="c">Lancaster</subfield><subfield code="d">Lancaster.</subfield></datafield><datafield ind1="0" ind2="0" tag="780"><subfield code="t">Anti-Masonic herald</subfield><subfield code="w">(DLC)sn 86053779</subfield></datafield><datafield ind1="0" ind2="7" tag="785"><subfield code="t">Lancaster examiner (Lancaster, Pa. : Weekly)</subfield><subfield code="w">(DLC)sn 86071864</subfield></datafield><datafield ind1="0" ind2="7" tag="785"><subfield code="t">Examiner and herald (Lancaster, Pa. : 1834)</subfield><subfield code="w">(DLC)sn 83032295</subfield></datafield></record>